@book{comput_intelli,
author={Andries P. Engelbrecht},
title={Computational intelligence: an introduction},
edition={segunda edici\'on},
year={2007},
publisher={Chichester: John Wiley \& Sons Ltd}
}

@book{LukeMetaheuristics,
author={Sean Luke},
title={Essentials of Metaheuristics},
edition={segunda edici\'on},
year={2013},
publisher={Lulu},
note={Disponible en https://cs.gmu.edu/~sean/book/metaheuristics/Essentials.pdf}
}

@article{SP500,
author={Alaa Sheta and Hossam Faris and Mouhammd Alkasassbeh},
title={A genetic programming model for S\&P 500 stock market prediction.},
year={2013},
journal={International Journal of Control And Automation},
volume={6},
number={5},
pages={303-314}}

@article{RiskAdjusted,
author={Akbar Esfahanipour and Somayeh Mousavi},
title={A genetic programming model to generate risk-adjusted technical trading rules
in stock markets},
year={2011},
journal={Expert Systems with Applications},
volume={38},
number={7},
pages={8438-8445}
}

@article{DirectionalChange,
author={Michael Kampouridis and Fernando E.B. Otero},
title={Evolving trading strategies using directional changes},
year={2017},
journal={Expert Systems with Applications},
volume={73},
pages={145-160}
}

@article{Bonde,
author={Bonde, G. and Khaled, R.},
title={Stock price prediction using genetic algorithms and evolution strategies},
year={2012},
note={International Conference on Genetic and Evolutionary Methods (GEM). The Steering Committee of The World Congress in Computer Science, Computer Engineering and Applied Computing (WorldComp),1}
}

@article{MainTreeGen,
author={Somayeh Mousavi and Akbar Esfahanipour and Mohammad Hossein Fazel Zarandi},
title={A novel approach to dynamic portfolio trading system using multitree genetic programming},
year={2014},
journal={Knowledge-Based Systems},
volume={66},
pages={68-81}
}

@book{koza,
  title={Genetic programming: on the programming of computers by means of natural selection},
  author={Koza, John R},
  volume={1},
  year={1992},
  publisher={MIT press}
}

@article{forest,
author = {Rouwhorst, S. E. and Engelbrecht, A.},
year = {2000},
volume={1},
pages = {633 - 638},
title = {Searching the forest: Using decision trees as building blocks for evolutionary search in classification databases. Proceedings of the 2000 Congress on Evolutionary Computation,},

}

@book{gartley1935profits,
  title={Profits in the stock market},
  author={Gartley, Harold M},
  year={1935},
  publisher={Health Research Books}
}

@book{firststock,
title={What Was the First Company to Issue Stock?},
author={Beattie, Andrew},
year={2017},
publisher={Investopedia},
note={\url{https://www.investopedia.com/ask/answers/08/first-company-issue-stock-dutch-east-india.asp}}
}


@book{elliott1994r,
  title={{R.N. Elliott's} Masterworks: The Definitive Collection},
  author={Elliott, R.N. and Prechter, R.R.},
  year={1994},
  publisher={New Classics Library}
}


@article{nair2010genetic,
  title={A genetic algorithm optimized decision tree-SVM based stock market trend prediction system},
  author={Nair, Binoy B and Mohandas, VP and Sakthivel, NR},
  journal={International journal on computer science and engineering},
  volume={2},
  number={9},
  pages={2981-2988},
  year={2010}
}


@article{huang2008application,
  title={Application of wrapper approach and composite classifier to the stock trend prediction},
  author={Huang, Chenn Jung and Yang, Dian Xiu and Chuang, Yi Ta},
  journal={Expert Systems with Applications},
  volume={34},
  number={4},
  pages={2870--2878},
  year={2008},
  publisher={Elsevier}
}

@article{potvin2004generating,
  title={Generating trading rules on the stock markets with genetic programming},
  author={Potvin, Jean-Yves and Soriano, Patrick and Vall{\'e}e, Maxime},
  journal={Computers \& Operations Research},
  volume={31},
  number={7},
  pages={1033--1047},
  year={2004},
  publisher={Elsevier}
}

@article{zhou2006selecting,
  title={Selecting valuable stock using genetic algorithm. 6th {Asia-Pacific} conference on simulated evolution and learning,},
  author={Zhou, Chengxiong and Yu, Lean and Huang, Tao and Wang, Shouyang and Lai, Kin Keung},
  pages={688-694},
  year={2006},
  organization={Springer, Berlin, Heidelberg}
}

@article{myszkowski2010evolutionary,
author={Myszkowski, Pawe{\l} B and Bicz, Adam},
title={Evolutionary algorithm in forex trade strategy generation},
year={2010},
journal={International Multiconference on Computer Science and Information Technology, p. 81-86}
}

@book{DecisionTree,
author={Barros, R and de Carvalho, A and Freitas, A},
title={Automatic Design of Decision-Tree Induction Algorithms},
edition={primera edici\'on},
year={2015},
publisher={Springer International Publishing}
}

@book{bauer1998technical,
  title={Technical Markets Indicators: Analysis \& Performance},
  author={Bauer, Richard J and Dahlquist, Julie R},
  volume={64},
  year={1998},
  publisher={John Wiley \& Sons}
}

