@article{metatraderweb,
title={P\'agina web de MetaTrader5},
note={\url{(https://www.metatrader5.com)}},
year={2018},
}

@article{backtraderweb,
title={P\'agina web de Backtrader},
note={\url{(https://www.backtrader.com)}},
year={2018},
}

@article{quandldoc,
title={Documentaci\'on de Quandl},
note={\url{(https://docs.quandl.com/docs/python-installation)}},
year={2018},
}

@article{quandlerror,
title={Quand Data Feed - Futures Data},
note={\url{(https://community.backtrader.com/topic/797/quandl-data-feed-futures-data)}},
year={2018},
}

@article{backtraderdoc,
title={Documentaci\'on de Backtrader},
note={\url{(https://www.backtrader.com/docu/index.html)}},
year={2015},
}

@article{pyvolutiongithub,
title={P\'agina en Github del paquete Pyvolution},
note={\url{(https://github.com/littley/pyvolution)}},
year={2012},
}

@article{deapgithub,
title={P\'agina en Github del paquete DEAP},
note={\url{(https://github.com/deap/deap)}},
year={2018},
}
